<?xml version="1.0" encoding="UTF-8" ?>
<collection xmlns:xsi="http://www.w3.org/2001/XMLSchema-instance"
    xsi:schemaLocation="http://www.loc.gov/MARC21/slim
        http://www.loc.gov/standards/marcxml/schema/MARC21slim.xsd"
    xmlns="http://www.loc.gov/MARC21/slim">
<record>
  <leader>00257cam a2200493 i 4500</leader>
  <controlfield tag="001">b12783420</controlfield>
  <controlfield tag="003">LeBAU</controlfield>
  <controlfield tag="005">20140124</controlfield>
  <controlfield tag="008">971202m19451947tu            ||0 0 ara d</controlfield>
  <datafield tag="035" ind1=" " ind2=" ">
    <subfield code="a">ocn784512117</subfield>
  </datafield>
  <datafield tag="040" ind1=" " ind2=" ">
    <subfield code="a">LEAUB</subfield>
    <subfield code="b">ara</subfield>
    <subfield code="e">rda</subfield>
    <subfield code="c">LEAUB</subfield>
    <subfield code="d">LEAUB</subfield>
  </datafield>
  <datafield tag="082" ind1="0" ind2="4">
    <subfield code="a">091.016</subfield>
    <subfield code="2">22</subfield>
  </datafield>
  <datafield tag="100" ind1="1" ind2=" ">
    <subfield code="6">880-01</subfield>
    <subfield code="a">Bābānī, Ismāʻīl Bāshā,</subfield>
    <subfield code="d">-1920 or 1921,</subfield>
    <subfield code="e">author.</subfield>
  </datafield>
  <datafield tag="245" ind1="1" ind2="0">
    <subfield code="6">880-02</subfield>
    <subfield code="a">Kitāb Īḍāḥ al-maknūn fī al-dhayl ʻalá Kashf al-ẓunūn ʻan asāmī al-kutub wa-al-funūn /</subfield>
    <subfield code="c">lil-‘ālim al-fāḍil al-adīb wa-al-mu’arrikh al-kāmil al-arīb Ismāʻīl Bāshā ibn Muḥammad Amīn ibn Mīr Salīm al-Bābānī aṣlan wa-al-Baghdādī mawlidan wa-maskanan ; ʻuniya bi-taṣḥīḥihi wa-ṭabʻihi ʻalá nuskhat al-muʼallif al-‘abdān al-faqīrān ilá Allāh al-ghanī Muḥammad Sharaf al-Dīn Yāltqāyā ra’īs ’umūr al-dīn wa-al-Muʻallim Rifʻat Bīlkih al-Kilīsī.</subfield>
  </datafield>
  <datafield tag="246" ind1="3" ind2=" ">
    <subfield code="a">Īḍāḥ al-maknūn fī al-dhayl ʻalá Kashf al-ẓunūn ʻan asāmī al-kutub wa-al-funūn</subfield>
  </datafield>
  <datafield tag="246" ind1="3" ind2="0">
    <subfield code="6">880-03</subfield>
    <subfield code="a">إيضاح المكنون في الذيل على كشف الظنون عن أسامي الكتب والفنون</subfield>
  </datafield>
  <datafield tag="246" ind1="1" ind2="5">
    <subfield code="a">Keṣf-el-zunun zeyli :</subfield>
    <subfield code="b">Īżāḥ al-maknūn fī al-ẕayli 'alā kaṣf al-ẓunūn 'an asāmī al-kutubi va’l funūn</subfield>
  </datafield>
  <datafield tag="264" ind1=" " ind2="1">
    <subfield code="6">880-04</subfield>
    <subfield code="a">Istanbul :</subfield>
    <subfield code="b">Wakālat al-Ma‘ārif,</subfield>
    <subfield code="c">1364-1366 [H.] = 1945-1947 [M.]</subfield>
  </datafield>
  <datafield tag="300" ind1=" " ind2=" ">
    <subfield code="6">880-05</subfield>
    <subfield code="a">1 volume ;</subfield>
    <subfield code="c">33 cm</subfield>
  </datafield>
  <datafield tag="336" ind1=" " ind2=" ">
    <subfield code="a">text</subfield>
    <subfield code="b">txt</subfield>
    <subfield code="2">rdacontent</subfield>
  </datafield>
  <datafield tag="337" ind1=" " ind2=" ">
    <subfield code="a">unmediated</subfield>
    <subfield code="b">n</subfield>
    <subfield code="2">rdamedia</subfield>
  </datafield>
  <datafield tag="338" ind1=" " ind2=" ">
    <subfield code="a">volume</subfield>
    <subfield code="b">nc</subfield>
    <subfield code="2">rdacarrier</subfield>
  </datafield>
  <datafield tag="500" ind1=" " ind2=" ">
    <subfield code="a">كشف الظنون لحاجي خليفة.</subfield>
  </datafield>
  <datafield tag="500" ind1=" " ind2=" ">
    <subfield code="a">2 جزء ببليوغرافي في 1 جزء مادي.</subfield>
  </datafield>
  <datafield tag="600" ind1="1" ind2="4">
    <subfield code="a">حاجي خليفة، مصطفى بن عبدالله،</subfield>
    <subfield code="d">1609-1657.</subfield>
    <subfield code="t">كشف الظنون عن أسامي الكتب والفنون.</subfield>
  </datafield>
  <datafield tag="600" ind1="1" ind2="0">
    <subfield code="a">Haji khalifah, Mustafa ibn 'Abd Allah,</subfield>
    <subfield code="d">1609-1657.</subfield>
    <subfield code="t">Kashf al-ẓunun 'an Asami al-kutub wa al-funun.</subfield>
  </datafield>
  <datafield tag="650" ind1=" " ind2="4">
    <subfield code="a">المخطوطات العربية</subfield>
    <subfield code="v">ببليوغرافيا.</subfield>
  </datafield>
  <datafield tag="650" ind1=" " ind2="4">
    <subfield code="a">المؤلفون العرب</subfield>
    <subfield code="v">بيوببليوغرافيا.</subfield>
  </datafield>
  <datafield tag="650" ind1=" " ind2="0">
    <subfield code="a">Manuscripts, Arabic</subfield>
    <subfield code="v">Bibliography.</subfield>
  </datafield>
  <datafield tag="650" ind1=" " ind2="0">
    <subfield code="a">Authors, Arab</subfield>
    <subfield code="v">Bio-bibliography.</subfield>
  </datafield>
  <datafield tag="700" ind1="1" ind2=" ">
    <subfield code="6">880-06</subfield>
    <subfield code="a">Yāltaqāyā, Muḥammad Sharaf al-Dīn,</subfield>
    <subfield code="e">corrector.</subfield>
  </datafield>
  <datafield tag="700" ind1="0" ind2=" ">
    <subfield code="6">880-07</subfield>
    <subfield code="a">Kilisli Muallim Rifat,</subfield>
    <subfield code="d">1876-1953,</subfield>
    <subfield code="e">corrector.</subfield>
  </datafield>
  <datafield tag="852" ind1=" " ind2=" ">
    <subfield code="a">Jafet Reference</subfield>
    <subfield code="e">American University of Beirut, Bliss Street , Beirut, Lebanon.</subfield>
  </datafield>
  <datafield tag="880" ind1="1" ind2=" ">
    <subfield code="6">100-01/(3/r</subfield>
    <subfield code="a">الباباني، إسماعيل باشا،</subfield>
    <subfield code="d">-1920 أو 1921،</subfield>
    <subfield code="e">مؤلف. </subfield>
    <subfield code="4">aut.</subfield>
  </datafield>
  <datafield tag="880" ind1="1" ind2="0">
    <subfield code="6">245-02/(3/r</subfield>
    <subfield code="a">كتاب إيضاح المكنون في الذيل على كشف الظنون عن أسامي الكتب و الفنون /</subfield>
    <subfield code="c">للعالم الفاضل الأديب والمؤرخ الكامل الأريب إسماعيل باشا بن محمد أمين بن مير سليم الباباني اصلاً والبغدادي مولداً ومسكناً ؛ عني بتصحيحه وطبعه على نسخة المؤلف العبدان الفقيران إلى الله الغني محمد شرف الدين يالتقايا رئيس أمور الدين والمعلم رفعت بيلكه الكليسي.</subfield>
  </datafield>
  <datafield tag="880" ind1="3" ind2="0">
    <subfield code="6">246-03/(3/r</subfield>
    <subfield code="a">Īḍāḥ al-maknūn fī al-dhayl ʻalá Kashf al-ẓunūn ʻan asāmī al-kutub wa-al-funūn</subfield>
  </datafield>
  <datafield tag="880" ind1=" " ind2="1">
    <subfield code="6">264-04/(3/r</subfield>
    <subfield code="a">Istanbul :</subfield>
    <subfield code="b">وكالة المعارف،</subfield>
    <subfield code="c">1364-1366 [هـ.] = 1945-1947 [م.]</subfield>
  </datafield>
  <datafield tag="880" ind1=" " ind2=" ">
    <subfield code="6">300-05/(3/r</subfield>
    <subfield code="a">1 مجلد ؛</subfield>
    <subfield code="c">33 سم</subfield>
  </datafield>
  <datafield tag="880" ind1="1" ind2=" ">
    <subfield code="6">700-06/(3/r</subfield>
    <subfield code="a">يلتقابا، محمد شرف الدين،</subfield>
    <subfield code="e">مصحح. </subfield>
    <subfield code="4">crr.</subfield>
  </datafield>
  <datafield tag="880" ind1="0" ind2=" ">
    <subfield code="6">700-07/(3/r</subfield>
    <subfield code="a">الكليسلي معلم رفعت،</subfield>
    <subfield code="d">1876-1953،</subfield>
    <subfield code="e">مصحح. </subfield>
    <subfield code="4">crr.</subfield>
  </datafield>
  <datafield tag="907" ind1=" " ind2=" ">
    <subfield code="a">.b12783420</subfield>
    <subfield code="b">16-01-29</subfield>
    <subfield code="c">11-05-24</subfield>
  </datafield>
  <datafield tag="907" ind1=" " ind2=" ">
    <subfield code="a">.b12783420</subfield>
    <subfield code="b">11-10-11</subfield>
    <subfield code="c">11-05-24</subfield>
  </datafield>
  <datafield tag="945" ind1=" " ind2=" ">
    <subfield code="f">RF</subfield>
    <subfield code="a">091.016:H154kadA:v.1-2:c.1</subfield>
    <subfield code="g">1</subfield>
    <subfield code="i">01070379</subfield>
    <subfield code="j">.i13374278</subfield>
    <subfield code="l">u0608</subfield>
  </datafield>
  <datafield tag="998" ind1=" " ind2=" ">
    <subfield code="a">u06</subfield>
    <subfield code="b">97-12-02</subfield>
    <subfield code="c">m</subfield>
    <subfield code="d">a</subfield>
    <subfield code="e">-</subfield>
    <subfield code="f">ara</subfield>
    <subfield code="g">tu </subfield>
    <subfield code="h">0</subfield>
    <subfield code="i">1</subfield>
  </datafield>
</record>
</collection>
